@string{GB =    {Genome Biology}}



@Article{Gentleman2004RepRes,
  author =	 {Robert Gentleman},
  title =	 {Reproducible Research: A Bioinformatics Case Study},
  journal =	 {Statistical Applications in Genetics and Molecular
                  Biology},
  year =	 {2004},
  volume =	 {3}
}

